<?xml version="1.0" encoding="UTF-8"?>
<record xmlns="http://www.loc.gov/MARC21/slim">
   <leader>00795cam a22002411a 4500</leader>
   <controlfield tag="001">2963617</controlfield>
   <controlfield tag="003">NjP</controlfield>
   <controlfield tag="005">20120529100718.0</controlfield>
   <controlfield tag="008">000418s1960    sy            000 1 ara d</controlfield>
   <datafield tag="024" ind1="7" ind2=" ">
      <subfield code="a">princeton_aco004757</subfield>
      <subfield code="2">local</subfield>
   </datafield>
   <datafield ind1=" " ind2=" " tag="010">
      <subfield code="a">   68000671 </subfield>
   </datafield>
   <datafield ind1=" " ind2=" " tag="035">
      <subfield code="a">(OCoLC)54274690</subfield>
   </datafield>
   <datafield ind1=" " ind2=" " tag="035">
      <subfield code="a">(CStRLIN)NJPG00-B766</subfield>
   </datafield>
   <datafield ind1=" " ind2=" " tag="035">
      <subfield code="9">CPK7090TS</subfield>
   </datafield>
   <datafield ind1=" " ind2=" " tag="040">
      <subfield code="a">CtY</subfield>
      <subfield code="c">CtY</subfield>
      <subfield code="d">NjP</subfield>
   </datafield>
   <datafield ind1="1" ind2=" " tag="100">
      <subfield code="a">ʻUmar, Qadrī.</subfield>
   </datafield>
   <datafield ind1="1" ind2="0" tag="245">
      <subfield code="a">Yuḥaddithūnaka min al-qalb /</subfield>
      <subfield code="c">taʾlīf Qadrī al-ʻUmar.</subfield>
   </datafield>
   <datafield ind1=" " ind2=" " tag="260">
      <subfield code="a">Dimashq :</subfield>
      <subfield code="b">Dār al-Fikr,</subfield>
      <subfield code="c">[1960]</subfield>
   </datafield>
   <datafield ind1=" " ind2=" " tag="300">
      <subfield code="a">163 p. ;</subfield>
      <subfield code="c">20 cm.</subfield>
   </datafield>
   <datafield ind1=" " ind2="0" tag="440">
      <subfield code="a">Silsilah al-qiṣaṣīyah ;</subfield>
      <subfield code="v">1</subfield>
   </datafield>
   <datafield ind1=" " ind2=" " tag="500">
      <subfield code="a">Short stories.</subfield>
   </datafield>
   <datafield ind1=" " ind2=" " tag="500">
      <subfield code="a">At head of title: Wizārat al-Thaqāfah wa-al-Irshād al-Qawmī fī al-Iqlīm al-Sūrī, Mudīrīyat al-Taʾlīf wa-al-Tarjamah.</subfield>
   </datafield>
   <datafield ind1=" " ind2=" " tag="948">
      <subfield code="a">jab/con</subfield>
   </datafield>
   <datafield ind1=" " ind2=" " tag="911">
      <subfield code="a">20000427</subfield>
   </datafield>
   <datafield ind1=" " ind2=" " tag="912">
      <subfield code="a">20000503042848.0</subfield>
   </datafield>
   <datafield ind1="8" ind2="0" tag="852">
      <subfield code="0">3278698</subfield>
      <subfield code="b">rcppa</subfield>
      <subfield code="t">1</subfield>
      <subfield code="h">2276.9226.U35.398</subfield>
      <subfield code="x">tr fr f</subfield>
   </datafield>
   <datafield ind1=" " ind2=" " tag="959">
      <subfield code="a">2009-07-02 15:14:24 -0500</subfield>
   </datafield>
</record>
